<?xml version="1.0" encoding="UTF-8"?><collection xmlns="http://www.loc.gov/MARC21/slim"><record><leader>00554nam--2200169-i-4500</leader><controlfield tag="001">000040844</controlfield><controlfield tag="002">20161230</controlfield><controlfield tag="005">20161230201042</controlfield><controlfield tag="008">060222s1000------------r-----000-0-eng-d</controlfield><datafield ind1=" " ind2=" " tag="040"><subfield code="a">IFIN-HH</subfield></datafield><datafield ind1=" " ind2=" " tag="080"><subfield code="a">538.22:537.226</subfield></datafield><datafield ind1=" " ind2="1" tag="100"><subfield code="a">Schlicke, H.M</subfield></datafield><datafield ind1="1" ind2="0" tag="245"><subfield code="a">Essentials of dielectromagnetic engineering</subfield><subfield code="b">(an introduction to the thiking in and the use of ferrites and high-permittivity dielectrics)</subfield><subfield code="c">H.m. schlicke</subfield></datafield><datafield ind1=" " ind2=" " tag="260"><subfield code="a">New York</subfield><subfield code="b">John Wiley &amp; Sons, Inc</subfield><subfield code="c">1961</subfield></datafield><datafield ind1=" " ind2=" " tag="300"><subfield code="a">XXII+242P</subfield></datafield><datafield ind1=" " ind2=" " tag="852"><subfield code="a">16796</subfield><subfield code="c">537.226</subfield></datafield><datafield ind1=" " ind2=" " tag="CAT"><subfield code="a">Sys</subfield><subfield code="c">20110705</subfield><subfield code="h">161520</subfield></datafield></record></collection>